// GROUPE BIBLIOGRAPHIQUE DES DONNES D'ANALYSE (contexte, compréhension, ...)
@misc{ref:regards_situation_eau_haiti,
    author = "Evens Emmanuel et Per Lindskog",
    title = "Regards sur la situation des ressources en eau de la République d'Haïti",
    year = "2015",
    month = "Octobre",
}

@misc{ref:analyse_contextuelle_commune,
    author = "Greeet Schaumans et Katrien Van Hooydonk",
    title = "Analyse Commune de Contexte Haïti",
    year = "2015",
    month = "Octobre",
}

@article{ref:estimating_economic_damage_earthquake_haiti,
    author = "Eduardo A. Cavallo, Andrew Powell et Oscar Becerra",
    title = "Estimating the Direct Economic Damage of the Earthquake in Haiti",
    journal = "IDB Working Paper Series",
    year = "2010",
    month = "February",
    number = "IDB-WP-163",
}

@misc{ref:impact_degradation_terre,
    author = "Comission \'Economique pour l'Amérique Latine et les Caraïbes",
    title = "Impact socioéconomique de la dégradation des terres en Haïti et interventions pour la réhabilitation du milieu cultivé",
    year = "2008",
    month = "Janvier",
}

@article{ref:desertification_of_haiti,
    author = {Williams, Vereda},
    year = {2011},
    month = "Juin",
    title = {A Case Study of the Desertification of Haiti},
    volume = {4},
    journal = {Journal of Sustainable Development},
    doi = {10.5539/jsd.v4n3p20}
}

@Article{ref:Cook2019,
    author={Cook, Nathan J.
    and Grillos, Tara
    and Andersson, Krister P.},
    title={Gender quotas increase the equality and effectiveness of climate policy interventions},
    journal={Nature Climate Change},
    year={2019},
    volume={9},
    number={4},
    pages={330-334},
    abstract={Interventions to reduce greenhouse gas emissions strive to promote gender balance so that men and women have equal rights to participate in, and benefit from, decision-making about such interventions. One conventional way to achieve gender balance is to introduce gender quotas. Here we show that gender quotas make interventions more effective and lead to more equal sharing of intervention benefits. We conducted a randomized 'lab'-in-the-field experiment in which 440 forest users from Indonesia, Peru and Tanzania made decisions about extraction and conservation in a forest common. We randomly assigned a gender quota to half of the participating groups, requiring that at least 50\% of group members were women. Groups with the gender quota conserved more trees as a response to a 'payment for ecosystem services' intervention and shared the payment more equally. We attribute this effect to the gender composition of the group, not the presence of female leaders.},
    issn={1758-6798},
    doi={10.1038/s41558-019-0438-4},
    url={https://doi.org/10.1038/s41558-019-0438-4}
}



//GROUPE BIBLIOGRAPHIQUE DES REFERENCES TECHNOLOGIQUES (programmation, tests, ...)
